@article{adboost,
author = "HuaiFeng Zhang,Wenjing Jia, Xiangjian He, Qiang Wu",
title = "Learning-Based License Plate Detection Using Global and Local Features",
year="2006",
pages="1102-1105",
}

@article{acbm,
author =" Hua-chun Tan and Hao Chen",
title = "A Novel Car Plate Verification with Adaptive Binarization Method",
year="2008",
pages="4034-4039",
}

@article{segment,
author ="YinPeng Chen,Xiaqing Ding",
title = "License plate location and character segmentation in comples vehicle image",
year="2004",
pages="29-33",
}

@article{a,
author ="HUA-CHUN TAN, JIE ZHANG, XIN-CHEN YE, HUI-ZE LI, PEI ZHU, QING-HUA ZHAO",
title = "Intelligent Car-Searching System for Large Park",
year="2009",
pages="3134-3138",
}


@misc{b,
  title = {“Beijing UnisPark Technology Co. Ltd”},
  howpublished = {\url{http://www.unisapex.com/Solution/MesRead.aspx?Uid=22}},
}

@misc{c,
  title = {“Xiamen Baoneng Technilogy Co”},
  howpublished = {\url{http://www.goepe.com/apollo/prodetail-xmbnkj-241619.html}},
}